@ARTICLE{parra,
    author = {Lucas C. Parra and Clay D. Spence and Adam D. Gerson and Paul Sajda},
    title = {Recipes for the linear analysis of EEG},
    journal = {NEUROIMAGE},
    year = {2005},
    volume = {28},
    pages = {326--341}
}

@article{macIJRR,
author = {Schwager, Mac and Rus, Daniela and Slotine, Jean-Jacques},
title = {Decentralized, Adaptive Coverage Control for Networked Robots},
volume = {28},
number = {3},
pages = {357-375},
year = {2009},
URL = {http://ijr.sagepub.com/content/28/3/357.abstract},
journal = {The International Journal of Robotics Research}
}

@Article{bullo,
author={Cortes, J. and Martinez, S. and Karatas, T. and Bullo, F.},
journal={Robotics and Automation, IEEE Transactions on},
title={Coverage control for mobile sensing networks},
year={2004},
month={April},
volume={20},
number={2},
pages={243-255},
doi={10.1109/TRA.2004.824698}
}

@ARTICLE{murray,
author={Fax, J.A. and Murray, R.M.},
journal={Automatic Control, IEEE Transactions on},
title={Information flow and cooperative control of vehicle formations},
year={2004},
month={Sept},
volume={49},
number={9},
}

@INPROCEEDINGS{maliciousModel,
author={Sargeant, I. and Tomlinson, A.},
booktitle={Digital Avionics Systems Conference (DASC), 2013 IEEE/AIAA 32nd},
title={Modelling malicious entities in a robotic swarm},
year={2013},
month={Oct},
}

